@inproceedings{jeevalakshmi2016land,
  title={Land cover classification based on {NDVI} using {LANDSAT8} time series: A case study {T}irupati region},
  author={Jeevalakshmi, D and Reddy, S Narayana and Manikiam, B},
  booktitle={Communication and Signal Processing (ICCSP), 2016 International Conference on},
  pages={1332--1335},
  year={2016},
  organization={IEEE}
}

@book{thenkabail2016hyperspectral,
  title={Hyperspectral remote sensing of vegetation},
  author={Thenkabail, Prasad S and Lyon, John G},
  year={2016},
  publisher={CRC Press}
}

@article{adam2010multispectral,
  title={Multispectral and hyperspectral remote sensing for identification and mapping of wetland vegetation: a review},
  author={Adam, Elhadi and Mutanga, Onisimo and Rugege, Denis},
  journal={Wetlands Ecology and Management},
  volume={18},
  number={3},
  pages={281--296},
  year={2010},
  publisher={Springer}
}

@article{govender2007review,
  title={A review of hyperspectral remote sensing and its application in vegetation and water resource studies},
  author={Govender, M and Chetty, K and Bulcock, H},
  journal={Water Sa},
  volume={33},
  number={2},
  pages={145--151},
  year={2007},
  publisher={Water Research Commission (WRC)}
}

@article{hestir2008identification,
  title={Identification of invasive vegetation using hyperspectral remote sensing in the California Delta ecosystem},
  author={Hestir, Erin L and Khanna, Shruti and Andrew, Margaret E and Santos, Maria J and Viers, Joshua H and Greenberg, Jonathan A and Rajapakse, Sepalika S and Ustin, Susan L},
  journal={Remote Sensing of Environment},
  volume={112},
  number={11},
  pages={4034--4047},
  year={2008},
  publisher={Elsevier}
}

@article{belluco2006mapping,
  title={Mapping salt-marsh vegetation by multispectral and hyperspectral remote sensing},
  author={Belluco, Enrica and Camuffo, Monica and Ferrari, Sergio and Modenese, Lorenza and Silvestri, Sonia and Marani, Alessandro and Marani, Marco},
  journal={Remote sensing of environment},
  volume={105},
  number={1},
  pages={54--67},
  year={2006},
  publisher={Elsevier}
}

@article{omernik2014ecoregions,
  title={Ecoregions of the conterminous United States: evolution of a hierarchical spatial framework},
  author={Omernik, James M and Griffith, Glenn E},
  journal={Environmental management},
  volume={54},
  number={6},
  pages={1249--1266},
  year={2014},
  publisher={Springer}
}

@article{salequzzaman2005ecoregions,
  title={Ecoregions: A Spatial Framework for Environmental Management},
  author={Salequzzaman, Md},
  journal={Water Encyclopedia},
  volume={2},
  pages={667--668},
  year={2005},
  publisher={Wiley Online Library}
}

@article{ce1997ecological,
  title={Ecological regions of North America: toward a common perspective},
  author={Ce, C},
  year={1997},
  publisher={Commission for Environmental Cooperation}
}

@misc{usgs2014landsat,
  title={LANDSAT surface reflectance-derived spectral indices},
  author={USGS, December},
  year={2014}
}

@article{rogan2008mapping,
  title={Mapping land-cover modifications over large areas: A comparison of machine learning algorithms},
  author={Rogan, John and Franklin, Janet and Stow, Doug and Miller, Jennifer and Woodcock, Curtis and Roberts, Dar},
  journal={Remote Sensing of Environment},
  volume={112},
  number={5},
  pages={2272--2283},
  year={2008},
  publisher={Elsevier}
}

@article{bradley2005identifying,
  title={Identifying land cover variability distinct from land cover change: cheatgrass in the Great Basin},
  author={Bradley, Bethany A and Mustard, John F},


  journal={Remote Sensing of Environment},
  volume={94},
  number={2},
  pages={204--213},
  year={2005},
  publisher={Elsevier}
}

@article{gong2011artificial,
  title={An artificial immune network approach to multi-sensor land use/land cover classification},
  author={Gong, Binglei and Im, Jungho and Mountrakis, Giorgos},
  journal={Remote Sensing of Environment},
  volume={115},
  number={2},
  pages={600--614},
  year={2011},
  publisher={Elsevier}
}

@article{knapp1996cheatgrass,
  title={Cheatgrass (Bromus tectorum L) dominance in the Great Basin Desert: history, persistence, and influences to human activities},
  author={Knapp, Paul A},
  journal={Global environmental change},
  volume={6},
  number={1},
  pages={37--52},
  year={1996},
  publisher={Elsevier}
}

@article{melgoza1990soil,
  title={Soil water exploitation after fire: competition between Bromus tectorum (cheatgrass) and two native species},
  author={Melgoza, Graciela and Nowak, Robert S and Tausch, Robin J},
  journal={Oecologia},
  volume={83},
  number={1},
  pages={7--13},
  year={1990},
  publisher={Springer}
}

@misc{usda2015plants,
  title={The PLANTS Database (http://plants. usda. gov, 6 May 2015). {N}ational {P}lant {D}ata {T}eam, {G}reensboro},
  author={USDA, NRCS},
  year={2015},
  publisher={NC}
}

@article{west2017using,
  title={Using multi-date satellite imagery to monitor invasive grass species distribution in post-wildfire landscapes: An iterative, adaptable approach that employs open-source data and software},
  author={West, Amanda M and Evangelista, Paul H and Jarnevich, Catherine S and Kumar, Sunil and Swallow, Aaron and Luizza, Matthew W and Chignell, Stephen M},
  journal={International Journal of Applied Earth Observation and Geoinformation},
  volume={59},
  pages={135--146},
  year={2017},
  publisher={Elsevier}
}

@article{crisci2012review,
  title={A review of supervised machine learning algorithms and their applications to ecological data},
  author={Crisci, C and Ghattas, B and Perera, G},
  journal={Ecological Modelling},
  volume={240},
  pages={113--122},
  year={2012},
  publisher={Elsevier}
}

@article{mountrakis2011support,
  title={Support vector machines in remote sensing: A review},
  author={Mountrakis, Giorgos and Im, Jungho and Ogole, Caesar},
  journal={ISPRS Journal of Photogrammetry and Remote Sensing},
  volume={66},
  number={3},
  pages={247--259},
  year={2011},
  publisher={Elsevier}
}

@article{shao2012comparison,
  title={Comparison of support vector machine, neural network, and CART algorithms for the land-cover classification using limited training data points},
  author={Shao, Yang and Lunetta, Ross S},
  journal={ISPRS Journal of Photogrammetry and Remote Sensing},
  volume={70},
  pages={78--87},
  year={2012},
  publisher={Elsevier}
}

@article{allouche2006assessing,
  title={Assessing the accuracy of species distribution models: prevalence, kappa and the true skill statistic (TSS)},
  author={Allouche, Omri and Tsoar, Asaf and Kadmon, Ronen},
  journal={Journal of applied ecology},
  volume={43},
  number={6},
  pages={1223--1232},
  year={2006},
  publisher={Wiley Online Library}
}

@article{bradley2014remote,
  title={Remote detection of invasive plants: a review of spectral, textural and phenological approaches},
  author={Bradley, Bethany A},
  journal={Biological invasions},
  volume={16},
  number={7},
  pages={1411--1425},
  year={2014},
  publisher={Springer}
}

@article{bradley2010assessing,
  title={Assessing ecosystem threats from global and regional change: hierarchical modeling of risk to sagebrush ecosystems from climate change, land use and invasive species in Nevada, USA},
  author={Bradley, Bethany A},
  journal={Ecography},
  volume={33},
  number={1},
  pages={198--208},
  year={2010},
  publisher={Wiley Online Library}
}

@article{bradley2009regional,
  title={Regional analysis of the impacts of climate change on cheatgrass invasion shows potential risk and opportunity},
  author={Bradley, Bethany A},
  journal={Global Change Biology},
  volume={15},
  number={1},
  pages={196--208},
  year={2009},
  publisher={Wiley Online Library}
}

@article{chen2014deep,
  title={Deep learning-based classification of hyperspectral data},
  author={Chen, Yushi and Lin, Zhouhan and Zhao, Xing and Wang, Gang and Gu, Yanfeng},
  journal={IEEE Journal of Selected topics in applied earth observations and remote sensing},
  volume={7},
  number={6},
  pages={2094--2107},
  year={2014},
  publisher={IEEE}
}

@article{cutler2007random,
  title={Random forests for classification in ecology},
  author={Cutler, D Richard and Edwards Jr, Thomas C and Beard, Karen H and Cutler, Adele and Hess, Kyle T and Gibson, Jacob and Lawler, Joshua J},
  journal={Ecology},
  volume={88},
  number={11},
  pages={2783--2792},
  year={2007},
  publisher={Wiley Online Library}
}

@article{daly1994statistical,
  title={A statistical-topographic model for mapping climatological precipitation over mountainous terrain},
  author={Daly, Christopher and Neilson, Ronald P and Phillips, Donald L},
  journal={Journal of applied meteorology},
  volume={33},
  number={2},
  pages={140--158},
  year={1994}
}

@article{daly2008physiographically,
  title={Physiographically sensitive mapping of climatological temperature and precipitation across the conterminous United States},
  author={Daly, Christopher and Halbleib, Michael and Smith, Joseph I and Gibson, Wayne P and Doggett, Matthew K and Taylor, George H and Curtis, Jan and Pasteris, Phillip P},
  journal={International Journal of Climatology: a Journal of the Royal Meteorological Society},
  volume={28},
  number={15},
  pages={2031--2064},
  year={2008},
  publisher={Wiley Online Library}
}

@article{di2008constructing,
  title={Constructing retrospective gridded daily precipitation and temperature datasets for the conterminous United States},
  author={Di Luzio, Mauro and Johnson, Gregory L and Daly, Christopher and Eischeid, Jon K and Arnold, Jeffrey G},
  journal={Journal of Applied Meteorology and Climatology},
  volume={47},
  number={2},
  pages={475--497},
  year={2008}
}

@article{elith2009they,
  title={Do they? How do they? WHY do they differ? On finding reasons for differing performances of species distribution models},
  author={Elith, Jane and Graham, Catherine H},
  journal={Ecography},
  volume={32},
  number={1},
  pages={66--77},
  year={2009},
  publisher={Wiley Online Library}
}

@article{maxwell2018implementation,
  title={Implementation of machine-learning classification in remote sensing: an applied review},
  author={Maxwell, Aaron E and Warner, Timothy A and Fang, Fang},
  journal={International Journal of Remote Sensing},
  volume={39},
  number={9},
  pages={2784--2817},
  year={2018},
  publisher={Taylor \& Francis}
}

@article{kussul2017deep,
  title={Deep learning classification of land cover and crop types using remote sensing data},
  author={Kussul, Nataliia and Lavreniuk, Mykola and Skakun, Sergii and Shelestov, Andrii},
  journal={IEEE Geoscience and Remote Sensing Letters},
  volume={14},
  number={5},
  pages={778--782},
  year={2017},
  publisher={IEEE}
}

@article{lawrence2006mapping,
  title={Mapping invasive plants using hyperspectral imagery and Breiman Cutler classifications (RandomForest)},
  author={Lawrence, Rick L and Wood, Shana D and Sheley, Roger L},
  journal={Remote Sensing of Environment},
  volume={100},
  number={3},
  pages={356--362},
  year={2006},
  publisher={Elsevier}
}

@article{srivastava2014dropout,
  title={Dropout: a simple way to prevent neural networks from overfitting},
  author={Srivastava, Nitish and Hinton, Geoffrey and Krizhevsky, Alex and Sutskever, Ilya and Salakhutdinov, Ruslan},
  journal={The Journal of Machine Learning Research},
  volume={15},
  number={1},
  pages={1929--1958},
  year={2014},
  publisher={JMLR. org}
}

@inproceedings{abadi2016tensorflow,
  title={Tensorflow: A system for large-scale machine learning},
  author={Abadi, Mart{\'\i}n and Barham, Paul and Chen, Jianmin and Chen, Zhifeng and Davis, Andy and Dean, Jeffrey and Devin, Matthieu and Ghemawat, Sanjay and Irving, Geoffrey and Isard, Michael and others},
  booktitle={12th $\{$USENIX$\}$ Symposium on Operating Systems Design and Implementation ($\{$OSDI$\}$ 16)},
  pages={265--283},
  year={2016}
}

@article{pedregosa2011scikit,
  title={Scikit-learn: Machine learning in Python},
  author={Pedregosa, Fabian and Varoquaux, Ga{\"e}l and Gramfort, Alexandre and Michel, Vincent and Thirion, Bertrand and Grisel, Olivier and Blondel, Mathieu and Prettenhofer, Peter and Weiss, Ron and Dubourg, Vincent and others},
  journal={Journal of machine learning research},
  volume={12},
  number={Oct},
  pages={2825--2830},
  year={2011}
}

@article{ioffe2015batch,
  title={Batch normalization: Accelerating deep network training by reducing internal covariate shift},
  author={Ioffe, Sergey and Szegedy, Christian},
  journal={arXiv preprint arXiv:1502.03167},
  year={2015}
}

@article{kingma2014adam,
  title={Adam: A method for stochastic optimization},
  author={Kingma, Diederik P and Ba, Jimmy},
  journal={arXiv preprint arXiv:1412.6980},
  year={2014}
}

@article{lu2007survey,
  title={A survey of image classification methods and techniques for improving classification performance},
  author={Lu, Dengsheng and Weng, Qihao},
  journal={International journal of Remote sensing},
  volume={28},
  number={5},
  pages={823--870},
  year={2007},
  publisher={Taylor \& Francis}
}

@article{hochreiter1997long,
  title={Long short-term memory},
  author={Hochreiter, Sepp and Schmidhuber, J{\"u}rgen},
  journal={Neural computation},
  volume={9},
  number={8},
  pages={1735--1780},
  year={1997},
  publisher={MIT Press}
}

@article{schuster1997bidirectional,
  title={Bidirectional recurrent neural networks},
  author={Schuster, Mike and Paliwal, Kuldip K},
  journal={IEEE Transactions on Signal Processing},
  volume={45},
  number={11},
  pages={2673--2681},
  year={1997},
  publisher={IEEE}
}

@article{guirado2017deep,
  title={Deep-learning versus OBIA for scattered shrub detection with Google earth imagery: Ziziphus Lotus as case study},
  author={Guirado, Emilio and Tabik, Siham and Alcaraz-Segura, Domingo and Cabello, Javier and Herrera, Francisco},
  journal={Remote Sensing},
  volume={9},
  number={12},
  pages={1220},
  year={2017},
  publisher={Multidisciplinary Digital Publishing Institute}
}

@article{li2017high,
  title={High resolution mapping of cropping cycles by fusion of landsat and MODIS data},
  author={Li, Le and Zhao, Yaolong and Fu, Yingchun and Pan, Yaozhong and Yu, Le and Xin, Qinchuan},
  journal={Remote Sensing},
  volume={9},
  number={12},
  pages={1232},
  year={2017},
  publisher={Multidisciplinary Digital Publishing Institute}
}

@article{rodriguez2012assessment,
  title={An assessment of the effectiveness of a random forest classifier for land-cover classification},
  author={Rodriguez-Galiano, Victor Francisco and Ghimire, Bardan and Rogan, John and Chica-Olmo, Mario and Rigol-Sanchez, Juan Pedro},
  journal={ISPRS Journal of Photogrammetry and Remote Sensing},
  volume={67},
  pages={93--104},
  year={2012},
  publisher={Elsevier}
}

@article{thornton1997generating,
  title={Generating surfaces of daily meteorological variables over large regions of complex terrain},
  author={Thornton, Peter E and Running, Steven W and White, Michael A},
  journal={Journal of Hydrology},
  volume={190},
  number={3-4},
  pages={214--251},
  year={1997},
  publisher={Elsevier}
}

@article{zhang2016deep,
  title={Deep learning for remote sensing data: A technical tutorial on the state of the art},
  author={Zhang, Liangpei and Zhang, Lefei and Du, Bo},
  journal={IEEE Geoscience and Remote Sensing Magazine},
  volume={4},
  number={2},
  pages={22--40},
  year={2016},
  publisher={IEEE}
}

@inproceedings{pellant1990cheatgrass,
  title={The cheatgrass-wildfire cycle: are there any solutions},
  author={Pellant, Mike and others},
  booktitle={McArthur et al.(eds.) Proceedings of a Symposium on cheatgrass invasion, shrub die-off, and other aspects of shrub biology and management. US For. Serv., Int. Res. Sta., Gen. Tech. Rep. INT-276. Ogden, UT},
  pages={11--18},
  year={1990}
}

