@inproceedings{jeevalakshmi2016land,
  title={Land cover classification based on NDVI using LANDSAT8 time series: A case study Tirupati region},
  author={Jeevalakshmi, D and Reddy, S Narayana and Manikiam, B},
  booktitle={Communication and Signal Processing (ICCSP), 2016 International Conference on},
  pages={1332--1335},
  year={2016},
  organization={IEEE}
}

@book{thenkabail2016hyperspectral,
  title={Hyperspectral remote sensing of vegetation},
  author={Thenkabail, Prasad S and Lyon, John G},
  year={2016},
  publisher={CRC Press}
}

@article{adam2010multispectral,
  title={Multispectral and hyperspectral remote sensing for identification and mapping of wetland vegetation: a review},
  author={Adam, Elhadi and Mutanga, Onisimo and Rugege, Denis},
  journal={Wetlands Ecology and Management},
  volume={18},
  number={3},
  pages={281--296},
  year={2010},
  publisher={Springer}
}

@article{govender2007review,
  title={A review of hyperspectral remote sensing and its application in vegetation and water resource studies},
  author={Govender, M and Chetty, K and Bulcock, H},
  journal={Water Sa},
  volume={33},
  number={2},
  pages={145--151},
  year={2007},
  publisher={Water Research Commission (WRC)}
}

@article{hestir2008identification,
  title={Identification of invasive vegetation using hyperspectral remote sensing in the California Delta ecosystem},
  author={Hestir, Erin L and Khanna, Shruti and Andrew, Margaret E and Santos, Maria J and Viers, Joshua H and Greenberg, Jonathan A and Rajapakse, Sepalika S and Ustin, Susan L},
  journal={Remote Sensing of Environment},
  volume={112},
  number={11},
  pages={4034--4047},
  year={2008},
  publisher={Elsevier}
}

@article{belluco2006mapping,
  title={Mapping salt-marsh vegetation by multispectral and hyperspectral remote sensing},
  author={Belluco, Enrica and Camuffo, Monica and Ferrari, Sergio and Modenese, Lorenza and Silvestri, Sonia and Marani, Alessandro and Marani, Marco},
  journal={Remote sensing of environment},
  volume={105},
  number={1},
  pages={54--67},
  year={2006},
  publisher={Elsevier}
}

@article{omernik2014ecoregions,
  title={Ecoregions of the conterminous United States: evolution of a hierarchical spatial framework},
  author={Omernik, James M and Griffith, Glenn E},
  journal={Environmental management},
  volume={54},
  number={6},
  pages={1249--1266},
  year={2014},
  publisher={Springer}
}

@article{salequzzaman2005ecoregions,
  title={Ecoregions: A Spatial Framework for Environmental Management},
  author={Salequzzaman, Md},
  journal={Water Encyclopedia},
  volume={2},
  pages={667--668},
  year={2005},
  publisher={Wiley Online Library}
}

@article{ce1997ecological,
  title={Ecological regions of North America: toward a common perspective},
  author={Ce, C},
  year={1997},
  publisher={Commission for Environmental Cooperation}
}

@misc{usgs2014landsat,
  title={LANDSAT surface reflectance-derived spectral indices},
  author={USGS, December},
  year={2014}
}
